<?xml version="1.0" encoding="UTF-8"?><record xmlns="http://www.loc.gov/MARC21/slim" xmlns:cinclude="http://apache.org/cocoon/include/1.0" xmlns:zs="http://www.loc.gov/zing/srw/">
  <leader>00608nz  a2200133n  4500</leader>
  <controlfield tag="001">n 2003075558</controlfield>
  <controlfield tag="003">DLC</controlfield>
  <controlfield tag="005">20030619180708.0</controlfield>
  <controlfield tag="008">030619n| acannaabn          |a ana      </controlfield>
  <datafield tag="010" ind1=" " ind2=" ">
    <subfield code="a">n 2003075558</subfield>
  </datafield>
  <datafield tag="040" ind1=" " ind2=" ">
    <subfield code="a">DLC</subfield>
    <subfield code="b">eng</subfield>
    <subfield code="c">DLC</subfield>
  </datafield>
  <datafield tag="110" ind1="2" ind2=" ">
    <subfield code="a">Association of Latino Professionals in Finance and Accounting</subfield>
  </datafield>
  <datafield tag="410" ind1="2" ind2=" ">
    <subfield code="a">ALPFA</subfield>
  </datafield>
  <datafield tag="670" ind1=" " ind2=" ">
    <subfield code="a">Association of Latino Professionals in Finance and Accounting WWW page, June 19, 2003:</subfield>
    <subfield code="b">(Association of Latino Professionals in Finance and Accounting; ALPFA; formerly the American Association of Hispanic Certified Public Accountants (AAHCPA), estab. 1972 [no publs. in LC database])</subfield>
  </datafield>
</record>